@misc{XML2009,
  title={eXtensible Markup Language.},
  year={2009},
  url = {http://www.w3.org/XML/}
}

@misc{fig-arqweb,
  title={Web Semântica: O Futuro das Aplicações.},
 author={Eduardo Jorge and Uedson Reis},
  year={2013},
  url = {http://www.devmedia.com.br/websys.5/webreader.asp?cat=6&artigo=3037&revista=javamagazine_85#a-3037}
}

@misc{filholoscio,
  title={Web Semântica: Conceitos e Tecnologias.},
  author={Fernando Wagner Filho and Bernadette Farias Lóscio},
  year={2009},
  url = {http://www.ufpi.br/subsiteFiles/ercemapi/arquivos/files/minicurso/mc9.pdf}
}

@misc{web3,
  title = {Como funcionará a Web 3.0},
 author={Jonathan Strickland},
  year  = {2014},
  url   = {http://tecnologia.hsw.uol.com.br/web-30.htm}
}

@misc{totalwebsite,
  title = {Total number of Websites},
  year  = {2014},
  url   = {http://www.internetlivestats.com/total-number-of-websites/}
}

@article{intwebsem,
  title={Introdução a Web Semântica.},
  author={Schmidt Jaison Dairon Ebertz},
  year={2013},
  url = {http://www.devmedia.com.br/introducao-a-web-semantica/26181}

}

@article{elementoswebsem,
  title={Elementos da Web Semântica.},
  author={Ribeiro, Adagenor, Lobato},
  year={2013},
  url = {http://adagenor.blogspot.com.br/2008/03/as-camadas-da-arquitetura-da-web.html}

}

@article{websemtecmundo,
  title={O que é Web Semântica?},
  author={Prada, Rodrigo},
  year={2008},
  month={Março},
  url = {http://www.tecmundo.com.br/web/800-o-que-e-web-semantica-.htm}

}


@article{3leis,
  title={The Three Laws of Open Government Data},
  author={Eaves, David},
  year={2009},
 month={Setembro},
  url = {http://eaves.ca/2009/09/30/three-law-of-open-government-data/}

}

@article{santarem,
  title={Linguagem XML como base na busca da interoperabilidade e organização da informação.},
  author={Jose Eduardo Santarem Segundo},
  year={2003},
  journal={Smpósio em filosofia e ciências.}

}

@misc{manual,
  title={Manual dos dados abertos: goveno.},
  year={2011},
  url = {http://www.w3c.br/pub/Materiais/PublicacoesW3C/Manual_Dados_Abertos_WEB.pdf}
}

@misc{open,
  title={Open Definition.},
  year={1999},
  url = {http://opendefinition.org/od/}
}

@misc{mapaogp,
  title={Participating Countries},
  year={2014},
  url = {http://www.opengovpartnership.org/countries}
}

@misc{dadosabertos,
  title={Dados Abertos governo federal.},
  year={2014},
  url = {http://dados.gov.br/}
}

@misc{cartilha,
  title={Cartilha técnica para publicação de Dados Abertos no Brasil V1.0.},
  year={2012},
  url = {http://dados.gov.br/cartilha-publicacao-dados-abertos/}
}

@misc{planoinda,
  title={Plano de Ação para Implantação  da INDA – Infraestrutura nacional de Dados Abertos.},
  year={2012},
  url = {http://wiki.gtinda.ibge.gov.br/GetFile.aspx?File=%2fGT1-Gest%C3%A3o%20e%20Normativo%2fPlano%20de%20A%C3%A7%C3%A3o%20-%20INDA.pdf}
}

@misc{lai,
  title={Lei de acesso a informação.},
  year={2011},
  url = {http://www.planalto.gov.br/ccivil_03/_ato2011-2014/2011/lei/l12527.htm}
}

@book{kbreitman,
  title={Web Semântica: a Internet do futuro.},
  author={Breitman, Karin,Koogan},
  year={2005},
  publisher={LTC Editora}
}

@phdthesis{ferneda,
  author={Edberto Ferneda},
  title={Recuperação de Informação: Análise sobre a contribuição da Ciência da Computação para a Ciência da Informação},
  school={Escola de Comunicação e Artes da Universidade de São Paulo},
  year={2003}
}

@phdthesis{vesu,
  author={RACHEL CRISTINA VESÚ ALVES},
  title={Web Semântica: uma análise focada no uso de metadados },
  school={Universidade Estadual Paulista},
  year={2005},
  address={Faculdade de Filosofia e Ciências}
}


@phdthesis{silva,
  author={Daniela Bezerra da Silva},
  title={Transparência na esfera pública interconectada},
  school={Faculdade Cásper Líbero},
  year={2010},
  address={Escola de Comunição}
}

@phdthesis{rosa,
  author={Paulo Augusto Rosa},
  title={Web Semântica },
  school={Universidade de São Paulo},
 month={Dezembro},
  year={2002},
  address={Instituto de Matmática e Estatística}
}