@ARTICLE {kamada,
    author  = "Aqueo Kamada",
    title   = "Interoperabilidade Semântica. Os desafios e obstáculos na implementação de padrões que propiciam interoperabilidade em sistemas computacionais.",
    journal = "Linux Magazine Especial",
    year    = "2011",
    pages   = "26-27",
    month   = "jun",
    url     = "http://repositorio.cti.gov.br/repositorio/bitstream/10691/234/1/Interoperabilidade%20semantica.pdf"
}
@MISC {eif,
    title = "European Interoperability Framework",
    year  = "2008",
    url   = "http://ec.europa.eu/idabc/servlets/Doc?id=31597"
}
@MISC {qualipso,
    title = "Semantic Interoperability – Report about  Technological State-of-the-Art.",
    month = "jul",
    year  = "2008",
    url   = "http://archive.today/MMbkL"
}
@MISC {spb,
    title = "Estado da Arte em  Interoperabilidade Semântica",
    month = "nov",
    year  = "2009",
    url   = "http://www.softwarepublico.gov.br/5cqualibr/2-documentos-tecnicos/view/vetor-interoperabilidade/D2.3_Interoperabilidade_semantica.pdf"
}
@MISC {eping,
    title = "Padrões de Interoperabilidade de Governo Eletrônico - e-PING",
    year  = "2014",
    url   = "http://eping.governoeletronico.gov.br/"
}