@MISC {XML2009,
    title = "eXtensible Markup Language.",
    year  = "2009"
}
@MISC {fig-arqweb,
    author = "Eduardo Jorge and Uedson Reis",
    title  = "Web Semântica: O Futuro das Aplicações.",
    year   = "2013"
}
@MISC {filholoscio,
    author = "Fernando Wagner Filho and Bernadette Farias Lóscio",
    title  = "Web Semântica: Conceitos e Tecnologias.",
    year   = "2009"
}
@MISC {web3,
    author = "Jonathan Strickland",
    title  = "Como funcionará a Web 3.0",
    year   = "2014"
}
@MISC {totalwebsite,
    title = "Total number of Websites",
    year  = "2014"
}
@ARTICLE {intwebsem,
    author  = "Schmidt Jaison Dairon Ebertz",
    title   = "Introdução a Web Semântica.",
    journal = "DEVMEDIA",
    year    = "2013"
}
@ARTICLE {elementoswebsem,
    author  = "Adagenor Lobato Ribeiro",
    title   = "As Camadas da Arquitetura da Web Semântica",
    journal = "Blog Elementos da Web Semântica",
    year    = "2013"
}
@ARTICLE {websemtecmundo,
    author  = "Rodrigo Prada",
    title   = "O que é Web Semântica?",
    journal = "TecMundo",
    year    = "2008",
    month   = "mar"
}
@ARTICLE {3leis,
    author  = "David Eaves",
    title   = "The Three Laws of Open Government Data",
    journal = "Eaves.ca",
    year    = "2009",
    month   = "sep"
}
@ARTICLE {santarem,
    author  = "Jose Eduardo Santarem Segundo",
    title   = "Linguagem XML como base na busca da interoperabilidade e organização da informação.",
    journal = "Simpósio em filosofia e ciências.",
    year    = "2003"
}
@MANUAL {manual,
    title        = "Manual dos dados abertos: goveno.",
    organization = "Ministério do Planejamento.",
    year         = "2011"
}
@MISC {open,
    title = "Open Definition.",
    year  = "1999"
}
@MISC {mapaogp,
    title = "Participating Countries",
    year  = "2014"
}
@MISC {dadosabertos,
    title = "Dados Abertos governo federal.",
    year  = "2014"
}
@MANUAL {cartilha,
    title        = "Cartilha técnica para publicação de Dados Abertos no Brasil",
    organization = "Ministério do Planejamento",
    year         = "2012"
}
@MISC {planoinda,
    title = "Plano de Ação para Implantação  da INDA – Infraestrutura nacional de Dados Abertos.",
    year  = "2012"
}
@MISC {lai,
    title = "Lei de acesso a informação",
    year  = "2011"
}
@BOOK {kbreitman,
    author    = "Karin Koogan Breitman",
    title     = "Web Semântica: a Internet do futuro.",
    publisher = "LTC editora",
    year      = "2005"
}
@PHDTHESIS {ferneda,
    author  = "Edberto Ferneda",
    title   = "Recuperação de Informação: Análise sobre a contribuição da Ciência da Computação para a Ciência da Informação",
    school  = "Universidade de São Paulo",
    year    = "2003",
    address = "Escola de Comunicação e Artes"
}
@PHDTHESIS {vesu,
    author  = "Rachel Cristina Vesú Alves",
    title   = "Web Semântica: uma análise focada no uso de metadados",
    school  = "Universidade Estadual Paulista",
    year    = "2005",
    address = "Faculdade de Filosofia e Ciências"
}
@PHDTHESIS {silva,
    author  = "Daniela Bezerra da Silva",
    title   = "Transparência na esfera pública interconectada",
    school  = "Faculdade Cásper Líbero",
    year    = "2010",
    address = "Escola de comunicação"
}
@PHDTHESIS {rosa,
    author  = "Paulo Augusto Rosa",
    title   = "Web Semântica",
    school  = "Universidade de São Paulo",
    year    = "2002",
    address = "Instituto de Matmática e Estatística",
    month   = "dec"
}